<record><leader>02206nam a2200493 i 4500</leader><controlfield tag="001">6720016</controlfield><controlfield tag="003">OCoLC</controlfield><controlfield tag="005">20141027121657.0</controlfield><controlfield tag="008">140425s2015    enk      b    001 0 eng  </controlfield><datafield ind1=" " ind2=" " tag="010"><subfield code="a">  2014006326</subfield></datafield><datafield ind1=" " ind2=" " tag="020"><subfield code="a">9780415782067 (hardback)</subfield></datafield><datafield ind1=" " ind2=" " tag="020"><subfield code="a">0415782066 (hardback)</subfield></datafield><datafield ind1=" " ind2=" " tag="020"><subfield code="a">9780415782074 (paperback)</subfield></datafield><datafield ind1=" " ind2=" " tag="020"><subfield code="a">0415782074 (paperback)</subfield></datafield><datafield ind1=" " ind2=" " tag="020"><subfield code="z">9781315758947 (e-book)</subfield></datafield><datafield ind1=" " ind2=" " tag="035"><subfield code="a">ocn794041200</subfield></datafield><datafield ind1=" " ind2=" " tag="040"><subfield code="a">DLC</subfield><subfield code="e">rda</subfield><subfield code="b">eng</subfield><subfield code="c">DLC</subfield><subfield code="d">YDX</subfield><subfield code="d">BTCTA</subfield><subfield code="d">BDX</subfield><subfield code="d">CDX</subfield><subfield code="d">YDXCP</subfield><subfield code="d">OCLCO</subfield><subfield code="d">UAB</subfield></datafield><datafield ind1=" " ind2=" " tag="042"><subfield code="a">pcc</subfield></datafield><datafield ind1="0" ind2="0" tag="050"><subfield code="a">JF1525.I6</subfield><subfield code="b">A34 2015</subfield></datafield><datafield ind1="0" ind2="0" tag="082"><subfield code="a">327.1209</subfield><subfield code="2">23</subfield></datafield><datafield ind1=" " ind2=" " tag="084"><subfield code="a">HIS000000</subfield><subfield code="a">HIS037000</subfield><subfield code="a">HIS037070</subfield><subfield code="2">bisacsh</subfield></datafield><datafield ind1=" " ind2=" " tag="090"><subfield code="a">JF 1525 I6 A34 2015</subfield><subfield code="b">AEU</subfield></datafield><datafield ind1="1" ind2=" " tag="100"><subfield code="a">Adams, Jefferson,</subfield><subfield code="e">author.</subfield></datafield><datafield ind1="1" ind2="0" tag="245"><subfield code="a">Strategic intelligence in the Cold War and beyond /</subfield><subfield code="c">Jefferson Adams.</subfield></datafield><datafield ind1=" " ind2="1" tag="264"><subfield code="a">Abingdon, Oxon ;</subfield><subfield code="a">New York :</subfield><subfield code="b">Routledge, Taylor &amp; Francis Group,</subfield><subfield code="c">2015.</subfield></datafield><datafield ind1=" " ind2="4" tag="264"><subfield code="c">&#169;2015</subfield></datafield><datafield ind1=" " ind2=" " tag="300"><subfield code="a">xi, 166 pages ;</subfield><subfield code="c">23 cm.</subfield></datafield><datafield ind1=" " ind2=" " tag="336"><subfield code="a">text</subfield><subfield code="2">rdacontent</subfield></datafield><datafield ind1=" " ind2=" " tag="337"><subfield code="a">unmediated</subfield><subfield code="2">rdamedia</subfield></datafield><datafield ind1=" " ind2=" " tag="338"><subfield code="a">volume</subfield><subfield code="2">rdacarrier</subfield></datafield><datafield ind1="1" ind2=" " tag="490"><subfield code="a">The making of the contemporary world</subfield></datafield><datafield ind1=" " ind2=" " tag="504"><subfield code="a">Includes bibliographical references (pages 155-156) and index.</subfield></datafield><datafield ind1=" " ind2=" " tag="520"><subfield code="a">"Covering the period since 1945 this book looks at the debates, controversies and events that have occured in the field of intelligence and espionage. In this volume, Jefferson Adams places the events and discussions that have sourounded the history of espoinage in their historical context"--</subfield><subfield code="c">Provided by publisher.</subfield></datafield><datafield ind1=" " ind2=" " tag="596"><subfield code="a">16 43</subfield></datafield><datafield ind1=" " ind2="0" tag="650"><subfield code="a">Intelligence service</subfield><subfield code="x">History.</subfield></datafield><datafield ind1=" " ind2="0" tag="650"><subfield code="a">Military intelligence</subfield><subfield code="x">History.</subfield></datafield><datafield ind1=" " ind2="0" tag="650"><subfield code="a">Espionage</subfield><subfield code="x">History.</subfield></datafield><datafield ind1=" " ind2="0" tag="650"><subfield code="a">Spies</subfield><subfield code="x">History.</subfield></datafield><datafield ind1=" " ind2="0" tag="650"><subfield code="a">Cold War.</subfield></datafield><datafield ind1=" " ind2="0" tag="830"><subfield code="a">Making of the contemporary world.</subfield></datafield><datafield ind1="4" ind2="2" tag="856"><subfield code="3">Cover image</subfield><subfield code="u">http://images.tandf.co.uk/common/jackets/websmall/978041578/9780415782067.jpg</subfield></datafield><datafield ind1=" " ind2=" " tag="949"><subfield code="a">JF 1525 I6 A34 2015</subfield><subfield code="c">1</subfield><subfield code="h">UAAU-B</subfield><subfield code="i">0162035181328</subfield></datafield><datafield ind1=" " ind2=" " tag="926"><subfield code="a">JF 1525 I6 A34 2015</subfield><subfield code="w">LC</subfield><subfield code="c">1</subfield><subfield code="i">0162035181328</subfield><subfield code="d">12/15/2014</subfield><subfield code="e">11/18/2014</subfield><subfield code="l">ON_SHELF</subfield><subfield code="m">UAAUG</subfield><subfield code="p">$150.00</subfield><subfield code="r">Y</subfield><subfield code="s">Y</subfield><subfield code="t">BOOK</subfield><subfield code="u">11/5/2014</subfield></datafield><datafield ind1=" " ind2=" " tag="926"><subfield code="a">JF 1525 I6 A34 2015</subfield><subfield code="w">LC</subfield><subfield code="c">1</subfield><subfield code="i">0162035186806</subfield><subfield code="d">6/8/2016</subfield><subfield code="e">5/29/2016</subfield><subfield code="l">ON_SHELF</subfield><subfield code="m">UAHSS</subfield><subfield code="n">6</subfield><subfield code="p">$150.00</subfield><subfield code="r">Y</subfield><subfield code="s">Y</subfield><subfield code="t">BOOK</subfield><subfield code="u">11/19/2014</subfield></datafield></record>